<?xml version="1.0" encoding="UTF-8"?><collection xmlns="http://www.loc.gov/MARC21/slim"><record><leader>00597nam--2200181-i-4500</leader><controlfield tag="001">000047595</controlfield><controlfield tag="002">20161230</controlfield><controlfield tag="005">20170115234551</controlfield><controlfield tag="008">060222s1000------------r-----000-0-eng-d</controlfield><datafield ind1=" " ind2=" " tag="040"><subfield code="a">IFIN-HH</subfield></datafield><datafield ind1=" " ind2=" " tag="080"><subfield code="a">539.12.162.5(061.3)</subfield></datafield><datafield ind1="1" ind2=" " tag="100"><subfield code="a">Boffi, S. S</subfield></datafield><datafield ind1="1" ind2="0" tag="245"><subfield code="a">2nd workshop on perspectives in nuclear physics at intermediate energies</subfield><subfield code="b">Ictp, Trieste, Italy 25-29 March 1985</subfield><subfield code="c">S. Boffi, C. Ciofi Degli Atti, M.M. Giannini (eds.)</subfield></datafield><datafield ind1=" " ind2=" " tag="260"><subfield code="a">Singapore</subfield><subfield code="b">World Scientific</subfield><subfield code="c">1985</subfield></datafield><datafield ind1=" " ind2=" " tag="300"><subfield code="a">XI + 622 p</subfield></datafield><datafield ind1="1" ind2=" " tag="700"><subfield code="a">Giannini, M.M</subfield><subfield code="e">Ed</subfield></datafield><datafield ind1=" " ind2=" " tag="852"><subfield code="a">79085</subfield><subfield code="c">539.12</subfield></datafield><datafield ind1=" " ind2=" " tag="CAT"><subfield code="a">SYS</subfield><subfield code="c">20170115</subfield><subfield code="h">234551</subfield></datafield></record></collection>